<record><leader>00000cas a22000007a 4500</leader><controlfield tag="001">19717752</controlfield><controlfield tag="008">890517d18941937gauwr ne      0    0eng d</controlfield><datafield ind1=" " ind2=" " tag="010"><subfield code="a">sn 89053651 </subfield></datafield><datafield ind1=" " ind2=" " tag="040"><subfield code="a">NLG</subfield><subfield code="b">eng</subfield><subfield code="c">NLG</subfield><subfield code="d">GUA</subfield><subfield code="d">OCLCQ</subfield><subfield code="d">OCLCF</subfield><subfield code="d">OCLCO</subfield></datafield><datafield ind1="1" ind2=" " tag="029"><subfield code="a">AU@</subfield><subfield code="b">000040927117</subfield></datafield><datafield ind1=" " ind2=" " tag="042"><subfield code="a">msc</subfield></datafield><datafield ind1=" " ind2=" " tag="043"><subfield code="a">n-us-ga</subfield></datafield><datafield ind1="0" ind2=" " tag="130"><subfield code="a">Moultrie observer (Moultrie, Ga. : Weekly)</subfield></datafield><datafield ind1="1" ind2="4" tag="245"><subfield code="a">The Moultrie observer.</subfield></datafield><datafield ind1=" " ind2=" " tag="260"><subfield code="a">Moultrie, GA. :</subfield><subfield code="b">W.H. Cooper,</subfield><subfield code="c">1894-1937.</subfield></datafield><datafield ind1=" " ind2=" " tag="300"><subfield code="a">v.</subfield></datafield><datafield ind1=" " ind2=" " tag="310"><subfield code="a">Weekly,</subfield><subfield code="b">Dec. 24, 1921-Nov. 19, 1937</subfield></datafield><datafield ind1=" " ind2=" " tag="321"><subfield code="a">Weekly,</subfield><subfield code="b">Mar. 15, 1894-Aug. 12, 1910</subfield></datafield><datafield ind1=" " ind2=" " tag="321"><subfield code="a">Semiweekly,</subfield><subfield code="b">Aug. 16, 1910-Dec. 20, 1921</subfield></datafield><datafield ind1="0" ind2=" " tag="362"><subfield code="a">Vol. 1, no. 1 (Mar. 15, 1894)-v. 37, no. 45 (Nov. 19, 1937).</subfield></datafield><datafield ind1=" " ind2=" " tag="580"><subfield code="a">Daily editions: Daily observer (Moultrie, Ga.), June 19, 1905-Feb. 14, 1919; and: Moultrie observer (Moultrie, Ga. : Daily), Feb. 15, 1919-Nov. 19, 1937.</subfield></datafield><datafield ind1=" " ind2="0" tag="651"><subfield code="a">Moultrie (Ga.)</subfield><subfield code="v">Newspapers.</subfield></datafield><datafield ind1=" " ind2="0" tag="651"><subfield code="a">Colquitt County (Ga.)</subfield><subfield code="v">Newspapers.</subfield></datafield><datafield ind1=" " ind2="7" tag="655"><subfield code="a">Newspapers.</subfield><subfield code="2">fast</subfield><subfield code="0">(OCoLC)fst01423814</subfield></datafield><datafield ind1=" " ind2="7" tag="651"><subfield code="a">Georgia</subfield><subfield code="z">Colquitt County.</subfield><subfield code="2">fast</subfield><subfield code="0">(OCoLC)fst01208059</subfield></datafield><datafield ind1=" " ind2="7" tag="651"><subfield code="a">Georgia</subfield><subfield code="z">Moultrie.</subfield><subfield code="2">fast</subfield><subfield code="0">(OCoLC)fst01217801</subfield></datafield><datafield ind1=" " ind2=" " tag="752"><subfield code="a">United States</subfield><subfield code="b">Georgia</subfield><subfield code="c">Colquitt</subfield><subfield code="d">Moultrie.</subfield></datafield><datafield ind1="1" ind2=" " tag="775"><subfield code="t">Daily observer (Moultrie, Ga.)</subfield><subfield code="w">(DLC)sn 89053650</subfield><subfield code="w">(OCoLC)19717765</subfield></datafield><datafield ind1="1" ind2=" " tag="775"><subfield code="t">Moultrie observer (Moultrie, Ga. : Daily)</subfield><subfield code="w">(DLC)sn 89053649</subfield><subfield code="w">(OCoLC)19717762</subfield></datafield><datafield ind1="0" ind2="0" tag="785"><subfield code="t">Weekly Moultrie observer</subfield><subfield code="w">(DLC)sn 89053652</subfield><subfield code="w">(OCoLC)19717747</subfield></datafield></record>